@article{gpe_ngf,
	author = {Bao, Weizhu and Du, Qiang},
	title = {Computing the Ground State Solution of Bose-Einstein Condensates by a Normalized Gradient Flow},
	journal = {SIAM J. Sci. Comput.},
	volume = {25},
	number = {5},
	year = {2004},
	issn = {1064-8275},
	pages = {1674--1697},
	doi = {http://dx.doi.org/10.1137/S1064827503422956},
	publisher = {Society for Industrial and Applied Mathematics},
	address = {Philadelphia, PA, USA},
}

@book{pitaevskii_bec,
	author = {Pitaevskii, Lev and Stringari, Sandro},
	title = {Bose-Einstein Condensation},
	publisher = {Oxford University Press},
	year = {2003},
	ISBN = {0-198-50719-4}
}

@article{PhysRevLett.99.190402,
	title = {Nonequilibrium Dynamics and Superfluid Ring Excitations in Binary Bose-Einstein Condensates},
	author = {Mertes, K. M. and Merrill, J. W. and Carretero-Gonz\'alez, R.  and Frantzeskakis, D. J. and Kevrekidis, P. G. and Hall, D. S.},
	journal = {Phys. Rev. Lett.},
	volume = {99},
	number = {19},
	pages = {190402},
	numpages = {4},
	year = {2007},
	month = {Nov},
	doi = {10.1103/PhysRevLett.99.190402},
	publisher = {American Physical Society}
}

@article{PhysRevLett.79.337,
	title = {Coherence, Correlations, and Collisions: What One Learns about Bose-Einstein Condensates from Their Decay},
	author = {Burt, E. A. and Ghrist, R. W. and Myatt, C. J. and Holland, M. J. and Cornell, E. A. and Wieman, C. E.},
	journal = {Phys. Rev. Lett.},
	volume = {79},
	number = {3},
	pages = {337--340},
	numpages = {3},
	year = {1997},
	month = {Jul},
	doi = {10.1103/PhysRevLett.79.337},
	publisher = {American Physical Society}
}
